@article{Dirac1953888,
  title   = {The {Lorentz} transformation and absolute time},
  journal = {Physica },
  volume  = {19},
  number  = {1-–12},
  pages   = {888--896},
  year    = {1953},
  doi     = {10.1016/S0031-8914(53)80099-6},
  author  = {P. A. M. Dirac}
}

@article{Feynman1963118,
  title   = {The theory of a general quantum system interacting with a linear dissipative system},
  journal = {Annals of Physics },
  volume  = {24},
  pages   = {118--173},
  year    = {1963},
  doi     = {10.1016/0003-4916(63)90068-X},
  author  = {R. P Feynman and F. L {Vernon Jr.}}
}
@article{chen2019,
	title = {Drivers of Mobile Payment Acceptance in China: An Empirical Investigation},
	author = {Chen, Wei-Chuan and Chen, Chien-Wen and Chen, Wen-Kuo},
	year = {2019},
	month = {12},
	date = {2019-12-06},
	journal = {Information},
	pages = {384},
	volume = {10},
	number = {12},
	doi = {10.3390/info10120384},
	url = {http://dx.doi.org/10.3390/info10120384},
	langid = {en}
}

@article{azhari2023,
	title = {The Comparison Between Students of Coeducational Schools and Single-Sex School in Malaysia},
	author = {Azhari, Ahmad Husam Bin and Akil, Nadia Amira Binti Mohd and Aidi, Dinie Syazwani Binti Badrul and Shah, Fatin Usyairah Binti Mohd and Anuar, Sharifah Miza Farhana Binti Said and Ujang, Suriyati},
	year = {2023},
	month = {09},
	date = {2023-09-30},
	journal = {Jurnal Ilmiah Peuradeun},
	pages = {831},
	volume = {11},
	number = {3},
	doi = {10.26811/peuradeun.v11i3.912},
	url = {http://dx.doi.org/10.26811/peuradeun.v11i3.912}
}

@article{hayes2013,
	title = {Statistical mediation analysis with a multicategorical independent variable},
	author = {Hayes, Andrew F. and Preacher, Kristopher J.},
	year = {2013},
	month = {11},
	date = {2013-11-05},
	journal = {British Journal of Mathematical and Statistical Psychology},
	pages = {451--470},
	volume = {67},
	number = {3},
	doi = {10.1111/bmsp.12028},
	url = {http://dx.doi.org/10.1111/bmsp.12028},
	langid = {en}
}

@article{coutts2022,
	title = {Questions of value, questions of magnitude: An exploration and application of methods for comparing indirect effects in multiple mediator models},
	author = {Coutts, Jacob J. and Hayes, Andrew F.},
	year = {2022},
	month = {10},
	date = {2022-10-17},
	journal = {Behavior Research Methods},
	pages = {3772--3785},
	volume = {55},
	number = {7},
	doi = {10.3758/s13428-022-01988-0},
	url = {http://dx.doi.org/10.3758/s13428-022-01988-0},
	langid = {en}
}

@article{mackinnon2002,
	title = {A comparison of methods to test mediation and other intervening variable effects.},
	author = {MacKinnon, David P. and Lockwood, Chondra M. and Hoffman, Jeanne M. and West, Stephen G. and Sheets, Virgil},
	year = {2002},
	date = {2002},
	journal = {Psychological Methods},
	pages = {83--104},
	volume = {7},
	number = {1},
	doi = {10.1037/1082-989x.7.1.83},
	url = {http://dx.doi.org/10.1037/1082-989X.7.1.83},
	langid = {en}
}

@article{jarvis2003,
	title = {A Critical Review of Construct Indicators and Measurement Model Misspecification in Marketing and Consumer Research},
	author = {Jarvis, {Cheryl Burke} and MacKenzie, {Scott B.} and Podsakoff, {Philip M.}},
	year = {2003},
	month = {09},
	date = {2003-09},
	journal = {Journal of Consumer Research},
	pages = {199--218},
	volume = {30},
	number = {2},
	doi = {10.1086/376806},
	url = {http://dx.doi.org/10.1086/376806},
	langid = {en}
}
